@online{Alpha-Beta-CROWN,
    author = "huanzhang12",
    title = "Alpha,Beta-CROWN (alpha-beta-CROWN): A Fast and Scalable Neural Network Verifier with Efficient Bound Propagation",
    url  = "https://github.com/Verified-Intelligence/alpha-beta-CROWN",
    addendum = "(Accessed: 15.01.2024)",
    keywords = "alpha, beta, crown"
}

@inproceedings{nnenum,
  title={nnenum: Verification of ReLU Neural Networks with Optimized Abstraction Refinement},
  author={Bak, Stanley},
  booktitle={NASA Formal Methods Symposium},
  pages={19--36},
  year={2021},
  organization={Springer}
}

@book{acasxu,
  title={An Introduction to ACAS Xu and the Challenges Ahead.},
  author={Guido Manfredi, Yannick Jestin.},
  isbn={978-1-5090-2524-4},
  year={2016},
  publisher={DASC}
}